@article{fomin2019approximation,
  title={Approximation schemes for low-rank binary matrix approximation problems},
  author={Fomin, Fedor V and Golovach, Petr A and Lokshtanov, Daniel and Panolan, Fahad and Saurabh, Saket},
  journal={ACM Transactions on Algorithms (TALG)},
  volume={16},
  number={1},
  pages={1--39},
  year={2019},
  publisher={ACM New York, NY, USA}
}

@article{ergun2021learning,
  title={Learning-augmented $ k $-means clustering},
  author={Ergun, Jon C and Feng, Zhili and Silwal, Sandeep and Woodruff, David P and Zhou, Samson},
  journal={arXiv preprint arXiv:2110.14094},
  year={2021}
}

